% In√≠cio dos exemplos retirados de
% <http://amath.colorado.edu/documentation/LaTeX/basics/steps/BIBtex.html>.
@book{bona2012combinatorics,
  title={Combinatorics of permutations},
  author={B{\'o}na, Mikl{\'o}s},
  volume={72},
  year={2012},
  publisher={CRC Press}
} 

@phdthesis{bona1997exact,
  title={Exact and asymptotic enumeration of permutations with subsequence conditions},
  author={B{\'o}na, Mikl{\'o}s},
  year={1997},
  school={Massachusetts Institute of Technology}
}

% [20]
@article{backelin2007wilf,
  title={Wilf-equivalence for singleton classes},
  author={Backelin, J{\"o}rgen and West, Julian and Xin, Guoce},
  journal={Advances in Applied Mathematics},
  volume={38},
  number={2},
  pages={133--148},
  year={2007},
  publisher={Elsevier}
}

% 
@article{simion1985restricted,
  title={Restricted permutations},
  author={Simion, Rodica and Schmidt, Frank W},
  journal={European J. Combin},
  volume={6},
  number={4},
  pages={383--406},
  year={1985}
}

% [232] 
@article{stankova1994forbidden,
  title={Forbidden subsequences},
  author={Stankova, Zvezdelina E},
  journal={Discrete Mathematics},
  volume={132},
  number={1},
  pages={291--316},
  year={1994},
  publisher={Elsevier}
}

% [265] 
@phdthesis{west1990permutations,
  title={Permutations with forbidden subsequences, and, stack-sortable permutations},
  author={West, Julian},
  year={1990},
  school={Massachusetts Institute of Technology}
}

% [233]
@article{stankova2002new,
  title={A new class of Wilf-equivalent permutations},
  author={Stankova, Zvezdelina and West, Julian},
  journal={Journal of Algebraic Combinatorics},
  volume={15},
  number={3},
  pages={271--290},
  year={2002},
  publisher={Springer}
}

% [49]
@article{bona1997permutations,
  title={Permutations avoiding certain patterns: the case of length 4 and some generalizations},
  author={B{\'o}na, Mikl{\'o}s},
  journal={Discrete Mathematics},
  volume={175},
  number={1},
  pages={55--67},
  year={1997},
  publisher={Elsevier}
}

%[5]
@article{albert2006stanley,
  title={On the Stanley--Wilf limit of 4231-avoiding permutations and a conjecture of Arratia},
  author={Albert, Michael H and Elder, Murray and Rechnitzer, Andrew and Westcott, P and Zabrocki, Michael},
  journal={Advances in Applied Mathematics},
  volume={36},
  number={2},
  pages={96--105},
  year={2006},
  publisher={Elsevier}
}

% [12]
@article{arratia1999stanley,
  title={On the Stanley-Wilf conjecture for the number of permutations avoiding a given pattern},
  author={Arratia, Richard},
  journal={Electron. J. Combin},
  volume={6},
  number={1},
  pages={1--4},
  year={1999}
}

%[91]
@article{claesson2012upper,
  title={Upper bounds for the Stanley--Wilf limit of 1324 and other layered patterns},
  author={Claesson, Anders and Jel{\'\i}nek, V{\'\i}t and Steingr{\'\i}msson, Einar},
  journal={Journal of Combinatorial Theory, Series A},
  volume={119},
  number={8},
  pages={1680--1691},
  year={2012},
  publisher={Elsevier}
}

% [51]
@article{bona2007new,
  title={New records in Stanley--Wilf limits},
  author={B{\'o}na, Mikl{\'o}s},
  journal={European Journal of Combinatorics},
  volume={28},
  number={1},
  pages={75--85},
  year={2007},
  publisher={Elsevier}
}

% [97]
@inproceedings{cori1997description,
  title={Description trees for some families of planar maps},
  author={Cori, Robert and Jacquard, Benjamin and Schaeffer, Gilles},
  booktitle={Proceedings of the 9th Conference on Formal Power Series and Algebraic Combinatorics},
  pages={196--208},
  year={1997},
  organization={Citeseer}
}

%[257]
@article{tutte1963census,
  title={A census of planar maps},
  author={Tutte, WT},
  journal={Canad. J. Math},
  volume={15},
  number={2},
  pages={249--271},
  year={1963}
}

%[50]
@article{bona2005limit,
  title={The limit of a Stanley--Wilf sequence is not always rational, and layered patterns beat monotone patterns},
  author={B{\'o}na, Mikl{\'o}s},
  journal={Journal of Combinatorial Theory, Series A},
  volume={110},
  number={2},
  pages={223--235},
  year={2005},
  publisher={Elsevier}
}

%[148]
@article{gessel1990symmetric,
  title={Symmetric functions and P-recursiveness},
  author={Gessel, Ira M},
  journal={Journal of Combinatorial Theory, Series A},
  volume={53},
  number={2},
  pages={257--285},
  year={1990},
  publisher={Academic Press}
}

% [147]


%[239]
@book{stanley2011enumerative,
  title={Enumerative Combinatorics: Volume 1},
  author={Stanley, Richard P},
  year={2011},
  publisher={Cambridge University Press}
}

%[240]
@book{stanley1999enumerative,
  title={Enumerative Combinatorics: Volume 2},
  author={Stanley, Richard P},
  year={1999},
  publisher={Cambridge University Press}
}

% [203]
@article{marcus2004excluded,
  title={Excluded permutation matrices and the Stanley--Wilf conjecture},
  author={Marcus, Adam and Tardos, G{\'a}bor},
  journal={Journal of Combinatorial Theory, Series A},
  volume={107},
  number={1},
  pages={153--160},
  year={2004},
  publisher={Elsevier}
}

% [218]
@article{regev1981asymptotic,
  title={Asymptotic values for degrees associated with strips of Young diagrams},
  author={Regev, Amitai},
  journal={Advances in Mathematics},
  volume={41},
  number={2},
  pages={115--136},
  year={1981},
  publisher={Elsevier}
}

@article{bona2012new,
  title={A new upper bound for 1324-avoiding permutations},
  author={B{\'o}na, Mikl{\'o}s},
  journal={arXiv preprint arXiv:1207.2379},
  year={2012}
}

@book{de2007introduccao,
  title={Introdu{\c{c}}{\~a}o {\`a} an{\'a}lise combinat{\'o}ria},
  author={de Oliveira Santos, Jos{\'e} Pl{\'\i}nio and Mello, Margarida Pinheiro and Murari, Idani Theresinha Calzolari},
  year={2007},
  publisher={Ed. Ciencia Moderna}
}

% [09]
@article{alon2000number,
  title={On the number of permutations avoiding a given pattern},
  author={Alon, Noga and Friedgut, Ehud},
  journal={Journal of Combinatorial Theory, Series A},
  volume={89},
  number={1},
  pages={133--140},
  year={2000},
  publisher={Elsevier}
}

% [179]
@inproceedings{klazar2000furedi,
  title={The F{\"u}redi-Hajnal conjecture implies the Stanley-Wilf conjecture},
  author={Klazar, Martin},
  booktitle={Formal power series and algebraic combinatorics},
  pages={250--255},
  year={2000},
  organization={Springer}
}

% [144]
@article{furedi1992davenport,
  title={Davenport-Schinzel theory of matrices},
  author={F{\"u}redi, Zolt{\'a}n and Hajnal, P{\'e}ter},
  journal={Discrete Mathematics},
  volume={103},
  number={3},
  pages={233--251},
  year={1992},
  publisher={Elsevier}
}

% [90]
@article{cibulka2009constants,
  title={On constants in the F{\"u}redi--Hajnal and the Stanley--Wilf conjecture},
  author={Cibulka, Josef},
  journal={Journal of Combinatorial Theory, Series A},
  volume={116},
  number={2},
  pages={290--302},
  year={2009},
  publisher={Elsevier}
}
% Fim dos exemplos retirados de
% <http://amath.colorado.edu/documentation/LaTeX/basics/steps/BIBtex.html>.
